%ref.bib is a bibliography
