@article{hollow,
  author    = {Thomas Dueholm Hansen and
               Haim Kaplan and
               Robert E. Tarjan and
               Uri Zwick},
  title     = {Hollow Heaps},
  journal   = {CoRR},
  volume    = {abs/1510.06535},
  year      = {2015},
  url       = {http://arxiv.org/abs/1510.06535},
  archivePrefix = {arXiv},
  eprint    = {1510.06535},
  timestamp = {Mon, 13 Aug 2018 16:48:32 +0200},
  biburl    = {https://dblp.org/rec/bib/journals/corr/HansenKTZ15},
  bibsource = {dblp computer science bibliography, https://dblp.org}
}



